@article{alfonso2015estres,
  author = {Alfonso Águila, Belkis and Calcines Castillo, María and Monteagudo de la Guardia, Roxana and Nieves Achon, Zaida},
  title = {Estrés académico},
  journal = {Revista Cubana de Salud Pública},
  year = {2015},
  volume = {41},
  number = {2},
  pages = {151--161},
  url = {http://scielo.sld.cu/scielo.php?pid=s2077-28742015000200013&script=sci_arttext}
}
